@inproceedings{HinzeWG15,
  author       = {Ralf Hinze and
                  Nicolas Wu and
                  Jeremy Gibbons},
  editor       = {Sriram K. Rajamani and
                  David Walker},
  title        = {Conjugate Hylomorphisms - Or: The Mother of All Structured Recursion
                  Schemes},
  booktitle    = {Proceedings of the 42nd Annual {ACM} {SIGPLAN-SIGACT} Symposium on
                  Principles of Programming Languages, {POPL} 2015, Mumbai, India, January
                  15-17, 2015},
  pages        = {527--538},
  publisher    = {{ACM}},
  year         = {2015},
  url          = {https://doi.org/10.1145/2676726.2676989},
  doi          = {10.1145/2676726.2676989},
  timestamp    = {Sat, 30 Sep 2023 09:54:52 +0200},
  biburl       = {https://dblp.org/rec/conf/popl/HinzeWG15.bib},
  bibsource    = {dblp computer science bibliography, https://dblp.org}
}

@inproceedings{DanielssonHJG06,
  author       = {Nils Anders Danielsson and
                  John Hughes and
                  Patrik Jansson and
                  Jeremy Gibbons},
  editor       = {J. Gregory Morrisett and
                  Simon L. Peyton Jones},
  title        = {Fast and loose reasoning is morally correct},
  booktitle    = {Proceedings of the 33rd {ACM} {SIGPLAN-SIGACT} Symposium on Principles
                  of Programming Languages, {POPL} 2006, Charleston, South Carolina,
                  USA, January 11-13, 2006},
  pages        = {206--217},
  publisher    = {{ACM}},
  year         = {2006},
  url          = {https://doi.org/10.1145/1111037.1111056},
  doi          = {10.1145/1111037.1111056},
  timestamp    = {Wed, 02 Mar 2022 21:39:33 +0100},
  biburl       = {https://dblp.org/rec/conf/popl/DanielssonHJG06.bib},
  bibsource    = {dblp computer science bibliography, https://dblp.org}
}

@article{AbbottAG05,
  author       = {Michael Gordon Abbott and
                  Thorsten Altenkirch and
                  Neil Ghani},
  title        = {Containers: Constructing strictly positive types},
  journal      = {Theor. Comput. Sci.},
  volume       = {342},
  number       = {1},
  pages        = {3--27},
  year         = {2005},
  url          = {https://doi.org/10.1016/j.tcs.2005.06.002},
  doi          = {10.1016/J.TCS.2005.06.002},
  timestamp    = {Wed, 17 Feb 2021 22:01:07 +0100},
  biburl       = {https://dblp.org/rec/journals/tcs/AbbottAG05.bib},
  bibsource    = {dblp computer science bibliography, https://dblp.org}
}

@inproceedings{MeijerFP91,
  author       = {Erik Meijer and
                  Maarten M. Fokkinga and
                  Ross Paterson},
  editor       = {John Hughes},
  title        = {Functional Programming with Bananas, Lenses, Envelopes and Barbed
                  Wire},
  booktitle    = {Functional Programming Languages and Computer Architecture, 5th {ACM}
                  Conference, Cambridge, MA, USA, August 26-30, 1991, Proceedings},
  series       = {Lecture Notes in Computer Science},
  publisher    = {Springer},
  year         = {1991},
  url          = {https://doi.org/10.1007/3540543961\_7},
  doi          = {10.1007/3540543961\_7},
}

@inproceedings{HuIT96,
  author       = {Zhenjiang Hu and
                  Hideya Iwasaki and
                  Masato Takeichi},
  editor       = {Robert Harper and
                  Richard L. Wexelblat},
  title        = {Deriving Structural Hylomorphisms From Recursive Definitions},
  booktitle    = {Proceedings of the 1996 {ACM} {SIGPLAN} International Conference on
                  Functional Programming, {ICFP} 1996, Philadelphia, Pennsylvania, USA,
                  May 24-26, 1996},
  pages        = {73--82},
  publisher    = {{ACM}},
  year         = {1996},
  url          = {https://doi.org/10.1145/232627.232637},
  doi          = {10.1145/232627.232637},
  timestamp    = {Sun, 25 Jul 2021 11:45:03 +0200},
  biburl       = {https://dblp.org/rec/conf/icfp/HuIT96.bib},
  bibsource    = {dblp computer science bibliography, https://dblp.org}
}
